@Inbook{tenHompel2014,
author="ten Hompel, Michael
and Henke, Michael",
editor="Bauernhansl, Thomas
and ten Hompel, Michael
and Vogel-Heuser, Birgit",
title="Logistik 4.0",
bookTitle="Industrie 4.0 in Produktion, Automatisierung und Logistik: Anwendung {\textperiodcentered} Technologien {\textperiodcentered} Migration",
year="2014",
publisher="Springer Fachmedien Wiesbaden",
address="Wiesbaden",
pages="615--624",
abstract="Unter dem Rubrum â€žInternet der Dinge`` wird in der Logistik seit der Jahrtausendwende die Einf{\"u}hrung cyberphysischer Technologien diskutiert. Die Logistik und das Internet der Dinge gelten als herausragende Anwendungsdom{\"a}ne der vierten industriellen Revolution. In keiner anderen Branche wird in naher Zukunft ein so grunds{\"a}tzlicher Wandel erwartet. Dies ist einerseits auf die rasante technologische Entwicklung zur{\"u}ckzuf{\"u}hren, andererseits sind viele der wesentlichen technischen und gesellschaftlichen Herausforderungen direkt oder indirekt mit der Logistik und einem effizienten Supply Chain Management verbunden.",
isbn="978-3-658-04682-8",
doi="10.1007/978-3-658-04682-8_32",
url="https://doi.org/10.1007/978-3-658-04682-8_32"
}
